<?xml version="1.0" encoding="UTF-8"?>
<records xmlns="http://www.openarchives.org/OAI/2.0/">
  <record>
    <header>
      <identifier>oai:mst.rochester.edu:96</identifier>
    </header>
    <metadata>
      <marc:record xmlns:marc="http://www.loc.gov/MARC21/slim" xmlns:xsi="http://www.w3.org/2001/XMLSchema-instance" xsi:schemaLocation="http://www.loc.gov/MARC21/slim http://www.loc.gov/standards/marcxml/schema/MARC21slim.xsd">
        <marc:leader>01367nam a2200361   45  </marc:leader>
        <marc:controlfield tag="001">27810</marc:controlfield>
        <marc:controlfield tag="003">NRU</marc:controlfield>
        <marc:controlfield tag="008">910913s1925    miu      b    000 0 eng d</marc:controlfield>
        <marc:datafield tag="035" ind1=" " ind2=" ">
          <marc:subfield code="b">ocm</marc:subfield>
          <marc:subfield code="a">24370489 </marc:subfield>
        </marc:datafield>
        <marc:datafield tag="035" ind1=" " ind2=" ">
          <marc:subfield code="9">00999982</marc:subfield>
        </marc:datafield>
        <marc:datafield tag="040" ind1=" " ind2=" ">
          <marc:subfield code="c">RRR</marc:subfield>
        </marc:datafield>
        <marc:datafield tag="049" ind1=" " ind2=" ">
          <marc:subfield code="a">RRRR</marc:subfield>
        </marc:datafield>
        <marc:datafield tag="090" ind1=" " ind2=" ">
          <marc:subfield code="a">DF552.8</marc:subfield>
          <marc:subfield code="b">.P11c</marc:subfield>
        </marc:datafield>
        <marc:datafield tag="099" ind1=" " ind2=" ">
          <marc:subfield code="a">DF552.8 .P11c</marc:subfield>
        </marc:datafield>
        <marc:datafield tag="100" ind1="1" ind2=" ">
          <marc:subfield code="a">Packard, Laurence Bradford,</marc:subfield>
          <marc:subfield code="d">1887-1955.</marc:subfield>
        </marc:datafield>
        <marc:datafield tag="245" ind1="1" ind2="0">
          <marc:subfield code="a">Constantinople and Byzantine civilization, 300-1200 ...</marc:subfield>
          <marc:subfield code="c">Prepared for reading in the introductory survey course of history, Amherst College, 1925.</marc:subfield>
        </marc:datafield>
        <marc:datafield tag="260" ind1=" " ind2=" ">
          <marc:subfield code="a">Ann Arbor, Mich.,</marc:subfield>
          <marc:subfield code="b">Edwards Bros.</marc:subfield>
          <marc:subfield code="c">[1925?]</marc:subfield>
        </marc:datafield>
        <marc:datafield tag="300" ind1=" " ind2=" ">
          <marc:subfield code="a">56 numb. l.</marc:subfield>
          <marc:subfield code="c">28 cm.</marc:subfield>
        </marc:datafield>
        <marc:datafield tag="500" ind1=" " ind2=" ">
          <marc:subfield code="a">Mimeographed.</marc:subfield>
        </marc:datafield>
        <marc:datafield tag="504" ind1=" " ind2=" ">
          <marc:subfield code="a">Bibliography: l. 56.</marc:subfield>
        </marc:datafield>
        <marc:datafield tag="651" ind1=" " ind2="0">
          <marc:subfield code="a">Istanbul (Turkey)</marc:subfield>
          <marc:subfield code="x">History</marc:subfield>
          <marc:subfield code="y">To 1453.</marc:subfield>
        </marc:datafield>
        <marc:datafield tag="651" ind1=" " ind2="0">
          <marc:subfield code="a">Byzantine Empire</marc:subfield>
          <marc:subfield code="x">Civilization.</marc:subfield>
        </marc:datafield>
        <marc:datafield tag="910" ind1=" " ind2=" ">
          <marc:subfield code="a">19910913154408.0</marc:subfield>
        </marc:datafield>
        <marc:datafield tag="911" ind1=" " ind2=" ">
          <marc:subfield code="a">u</marc:subfield>
        </marc:datafield>
        <marc:datafield tag="966" ind1=" " ind2=" ">
          <marc:subfield code="l">Stack </marc:subfield>
          <marc:subfield code="m">RMON </marc:subfield>
          <marc:subfield code="s">DF552.8 .P11c</marc:subfield>
          <marc:subfield code="b">39087001883380</marc:subfield>
        </marc:datafield>
        <marc:datafield tag="966" ind1=" " ind2=" ">
          <marc:subfield code="l">Stack </marc:subfield>
          <marc:subfield code="m">RMON </marc:subfield>
          <marc:subfield code="s">DF552.8 .P11c</marc:subfield>
          <marc:subfield code="b">39087001883398</marc:subfield>
        </marc:datafield>
        <marc:datafield tag="966" ind1=" " ind2=" ">
          <marc:subfield code="l">Stack </marc:subfield>
          <marc:subfield code="m">RMON </marc:subfield>
          <marc:subfield code="s">DF552.8 .P11c</marc:subfield>
          <marc:subfield code="b">39087001883406</marc:subfield>
        </marc:datafield>
        <marc:datafield tag="966" ind1=" " ind2=" ">
          <marc:subfield code="l">Stack </marc:subfield>
          <marc:subfield code="m">RMON </marc:subfield>
          <marc:subfield code="s">DF552.8 .P11c</marc:subfield>
          <marc:subfield code="b">39087001883414</marc:subfield>
        </marc:datafield>
        <marc:datafield tag="966" ind1=" " ind2=" ">
          <marc:subfield code="l">/Stack</marc:subfield>
          <marc:subfield code="m">SMONO </marc:subfield>
          <marc:subfield code="s">N6250 .P119</marc:subfield>
          <marc:subfield code="c"> 1</marc:subfield>
          <marc:subfield code="b">39087013489770</marc:subfield>
        </marc:datafield>
        <marc:datafield tag="966" ind1=" " ind2=" ">
          <marc:subfield code="l">/Stack</marc:subfield>
          <marc:subfield code="m">SMONO </marc:subfield>
          <marc:subfield code="s">N6250 .P119</marc:subfield>
          <marc:subfield code="c"> 2</marc:subfield>
          <marc:subfield code="b">39087013489804</marc:subfield>
        </marc:datafield>
        <marc:datafield tag="966" ind1=" " ind2=" ">
          <marc:subfield code="l">/Stack</marc:subfield>
          <marc:subfield code="m">SMONO </marc:subfield>
          <marc:subfield code="s">N6250 .P119</marc:subfield>
          <marc:subfield code="c"> 3</marc:subfield>
          <marc:subfield code="b">39087013489812</marc:subfield>
        </marc:datafield>
        <marc:datafield tag="966" ind1=" " ind2=" ">
          <marc:subfield code="l">/Stack</marc:subfield>
          <marc:subfield code="m">SMONO </marc:subfield>
          <marc:subfield code="s">N6250 .P119</marc:subfield>
          <marc:subfield code="c"> 4</marc:subfield>
          <marc:subfield code="b">39087013489788</marc:subfield>
        </marc:datafield>
        <marc:datafield tag="966" ind1=" " ind2=" ">
          <marc:subfield code="l">/Stack</marc:subfield>
          <marc:subfield code="m">SMONO </marc:subfield>
          <marc:subfield code="s">N6250 .P119</marc:subfield>
          <marc:subfield code="c"> 5</marc:subfield>
          <marc:subfield code="b">39087013489796</marc:subfield>
        </marc:datafield>
      </marc:record>
    </metadata>
  </record>
</records>
